[gd_scene load_steps=11 format=2]

[ext_resource path="res://escenas/fondo.tscn" type="PackedScene" id=1]
[ext_resource path="res://escenas/Logo.tscn" type="PackedScene" id=2]
[ext_resource path="res://escenas/play.tscn" type="PackedScene" id=3]
[ext_resource path="res://boton-rojo.tres" type="StyleBox" id=4]
[ext_resource path="res://codigo/btn_salir.gd" type="Script" id=5]
[ext_resource path="res://fonts/comic-helvetic.heavy.otf" type="DynamicFontData" id=6]
[ext_resource path="res://img/speakers-ON-OFF.png" type="Texture" id=7]
[ext_resource path="res://codigo/btn_sonido.gd" type="Script" id=8]

[sub_resource type="StyleBoxFlat" id=1]
bg_color = Color( 0.101961, 0.533333, 0.941176, 1 )
border_width_left = 8
border_width_top = 8
border_width_right = 8
border_width_bottom = 8
border_color = Color( 0, 0.0156863, 0.705882, 1 )
corner_radius_top_left = 40
corner_radius_top_right = 40
corner_radius_bottom_right = 40
corner_radius_bottom_left = 40

[sub_resource type="DynamicFont" id=2]
size = 34
outline_size = 5
outline_color = Color( 0, 0.0156863, 0.705882, 1 )
use_mipmaps = true
use_filter = true
font_data = ExtResource( 6 )

[node name="portada" type="Node2D"]

[node name="fondo" parent="." instance=ExtResource( 1 )]

[node name="Logo" parent="." instance=ExtResource( 2 )]
position = Vector2( 360, 355 )

[node name="play" parent="." instance=ExtResource( 3 )]
position = Vector2( 249.229, 996.149 )

[node name="btn_salir" type="Button" parent="."]
margin_left = 590.0
margin_top = 40.0
margin_right = 670.0
margin_bottom = 120.0
rect_min_size = Vector2( 80, 80 )
focus_mode = 0
custom_styles/hover = ExtResource( 4 )
custom_styles/pressed = SubResource( 1 )
custom_styles/normal = ExtResource( 4 )
script = ExtResource( 5 )
__meta__ = {
"_edit_use_anchors_": false
}

[node name="icono" type="Label" parent="btn_salir"]
anchor_right = 1.0
anchor_bottom = 1.0
margin_top = -2.51753
margin_bottom = -2.51753
custom_fonts/font = SubResource( 2 )
text = "X"
align = 1
valign = 1

[node name="btn_sonido" type="Button" parent="."]
margin_left = 480.841
margin_top = 34.6688
margin_right = 580.841
margin_bottom = 134.669
rect_min_size = Vector2( 100, 100 )
flat = true
script = ExtResource( 8 )
__meta__ = {
"_edit_use_anchors_": false
}

[node name="icono" type="Sprite" parent="btn_sonido"]
position = Vector2( 7.53674, -1.50734 )
scale = Vector2( 0.8, 0.8 )
texture = ExtResource( 7 )
centered = false
vframes = 2
frame = 1
[connection signal="pressed" from="btn_salir" to="btn_salir" method="_on_btn_salir_pressed"]
[connection signal="pressed" from="btn_sonido" to="btn_sonido" method="_on_btn_sonido_pressed"]
